@book{poe1850system,
  title={The System of Dr. Tarr and Prof. Fether},
  author={Poe, Edgar Allan},
  year={1850},
  publisher={Virginia Tech}
}

@MISC{thoma2014wikimedia,
  author = {{Martin Thoma}},
  title = {Wikimedia Commons},
  year = {2014},
  note = {[Online; accessed June 26, 2020]},
  url = {https://commons.wikimedia.org/wiki/File:Sigmoid-function-2.svg}
}

@article{tichy1995experimental,
  title={Experimental evaluation in computer science: A quantitative study},
  author={Tichy, Walter F and Lukowicz, Paul and Prechelt, Lutz and Heinz, Ernst A},
  journal={Journal of Systems and Software},
  volume={28},
  number={1},
  pages={9--18},
  year={1995},
  publisher={Elsevier}
}

@misc{russian2020dolls,
  title = {Russian Cultural Experiences},
  note = {[Online; accessed June 28, 2020]},
  url = {https://www.pinterest.com/pin/203225001910640380/}
}

@misc{vermont2020dolls,
  title = {Russian Nesting Dolls},
  note = {[Online; accessed June 28, 2020]},
  url = {https://www.vermontcountrystore.com/russian-nesting-dolls/product/70072}
}

@misc{learning2020mistakes,
  title = {Learn From Failure Clipart},
  note = {[Online; accessed June 30, 2020]},
  url = {https://cdn.clipart.email/172e01e8862c33ddfe0ae1427940c9fd_learn-from-failure-clipart_1200-280.png}
}

@article{zins2013have,
  title={What have we learnt from our mistakes?},
  author={Zins, M},
  journal={Diagnostic and interventional imaging},
  volume={7},
  number={94},
  pages={675},
  year={2013},
  publisher={Elsevier Masson}
}

@INBOOK{russel2010pearson,
  author={Russell, Stuart J and Norvig, Peter},
  title = {Artificial Intelligence-A Modern Approach, Third Edition.},
  publisher = {Pearson Education New Jersey},
  year = {2010},
  address = {Upper Saddle River, New Jersey 07458},
  pages = {122},
  edition   = {third}
}

@MISC {3354744,
  TITLE = {Informal derivation (and interpretation) of Substitution Rule from Chain Rule?},
  AUTHOR = {user1180576 (https://math.stackexchange.com/users/629687/user1180576)},
  HOWPUBLISHED = {Mathematics Stack Exchange},
  NOTE = {URL:https://math.stackexchange.com/q/3354744 (version: 2019-09-13)},
  EPRINT = {https://math.stackexchange.com/q/3354744},
  URL = {https://math.stackexchange.com/q/3354744}
}

@INBOOK{shelley2013gutenberg,
  author={Mary W. Shelley},
  title = {Frankenstein or, The Modern Prometheus},
  publisher = {PROJECT GUTENBERG},
  chapter = {chapter 4},
  year = {2013},
}
